<record xmlns="http://www.loc.gov/MARC21/slim" xmlns:xsi="http://www.w3.org/2001/XMLSchema-instance" xsi:schemaLocation="http://www.loc.gov/MARC21/slim http://www.loc.gov/standards/marcxml/schema/MARC21slim.xsd"><leader>02373nam a2200409   4500</leader><controlfield tag="001">5666861</controlfield><controlfield tag="003">NIC</controlfield><controlfield tag="006">m        d        </controlfield><controlfield tag="007">cr cn |||m|||a</controlfield><controlfield tag="008">150116s1951    ua      ob    001 0 ara d</controlfield><datafield ind1=" " ind2=" " tag="040"><subfield code="a">NNU</subfield><subfield code="b">eng</subfield><subfield code="c">NNU</subfield></datafield><datafield ind1=" " ind2="4" tag="050"><subfield code="a">PJ6075</subfield><subfield code="b">.F8319 1951</subfield></datafield><datafield ind1="1" ind2=" " tag="100"><subfield code="6">880-01</subfield><subfield code="a">Fu&#776;ck, Johann,</subfield><subfield code="d">1894-1974.</subfield></datafield><datafield ind1="1" ind2="0" tag="240"><subfield code="a">Arabiya : Untersuchungen zur arabischen Sprach- und Stilgeschichte.</subfield><subfield code="l">Arabic</subfield></datafield><datafield ind1="1" ind2="3" tag="245"><subfield code="6">880-02</subfield><subfield code="a">al-&#699;Arabi&#772;yah</subfield><subfield code="h">[electronic resource] :</subfield><subfield code="b">dira&#772;sa&#772;t fi&#772; al-lughah wa-al-lahaja&#772;t wa-al-asa&#772;li&#772;b /</subfield><subfield code="c">min &#699;amal Yu&#772;ha&#772;n Fik ; naqqalahu ila&#769; al-&#699;Arabi&#772;yah wa-h&#803;aqqaqahu wa-fahrasa lahu &#699;Abd al-H&#803;ali&#772;m al-Najja&#772;r ; bi-tas&#803;di&#772;r Ah&#803;mad Ami&#772;n Bik ; wa-taqdi&#772;m Muh&#803;ammad Yu&#772;suf Mu&#772;sa&#769;.</subfield></datafield><datafield ind1=" " ind2=" " tag="260"><subfield code="6">880-03</subfield><subfield code="a">al-Qa&#772;hirah :</subfield><subfield code="b">Maktabat al-Kha&#772;nji&#772; bi-Mis&#803;r,</subfield><subfield code="c">1951.</subfield></datafield><datafield ind1=" " ind2=" " tag="300"><subfield code="a">online resource (290 p.)</subfield></datafield><datafield ind1=" " ind2=" " tag="500"><subfield code="a">At head of title: Jama&#772;&#699;at al-Azhar lil-Nashr wa-al-Ta&#700;li&#772;f.</subfield></datafield><datafield ind1=" " ind2=" " tag="500"><subfield code="a">Part of the Arabic Collections Online (ACO) project, contributed by Cornell University Libraries.</subfield></datafield><datafield ind1=" " ind2=" " tag="504"><subfield code="a">Includes bibliographical references and index.</subfield></datafield><datafield ind1=" " ind2=" " tag="533"><subfield code="a">Electronic reproduction.</subfield><subfield code="b">New York, N.Y. :</subfield><subfield code="c">New York University,</subfield><subfield code="d">2015.</subfield><subfield code="5">NNU</subfield></datafield><datafield ind1=" " ind2="0" tag="650"><subfield code="a">Arabic language</subfield><subfield code="x">Grammar.</subfield></datafield><datafield ind1=" " ind2="0" tag="650"><subfield code="a">Arabic language</subfield><subfield code="x">Style</subfield><subfield code="x">History.</subfield></datafield><datafield ind1=" " ind2="7" tag="650"><subfield code="a">Arabic language</subfield><subfield code="x">Grammar.</subfield><subfield code="2">fast</subfield><subfield code="0">(OCoLC)fst00812341</subfield></datafield><datafield ind1=" " ind2="7" tag="650"><subfield code="a">Arabic language</subfield><subfield code="x">Style.</subfield><subfield code="2">fast</subfield><subfield code="0">(OCoLC)fst00812437</subfield></datafield><datafield ind1=" " ind2="7" tag="655"><subfield code="a">History.</subfield><subfield code="2">fast</subfield><subfield code="0">(OCoLC)fst01411628</subfield></datafield><datafield ind1="1" ind2=" " tag="700"><subfield code="6">880-04</subfield><subfield code="a">Najja&#772;r, &#699;Abd al-H&#803;ali&#772;m.</subfield></datafield><datafield ind1="2" ind2=" " tag="710"><subfield code="a">Cornell University.</subfield><subfield code="b">Libraries.</subfield></datafield><datafield ind1="0" ind2=" " tag="730"><subfield code="a">Arabic Collections Online.</subfield></datafield><datafield ind1="0" ind2="8" tag="776"><subfield code="i">Print version:</subfield><subfield code="a">Fu&#776;ck, Johann, 1894-1974.</subfield><subfield code="t">al-&#699;Arabi&#772;yah</subfield><subfield code="w">(NIC)5666861</subfield><subfield code="w">(OCoLC)60506111</subfield></datafield><datafield ind1="4" ind2="0" tag="856"><subfield code="u">http://hdl.handle.net/2333.1/7sqv9vbk</subfield></datafield><datafield ind1="1" ind2=" " tag="880"><subfield code="6">100-01</subfield><subfield code="a">&#1601;&#1603;&#1548; &#1610;&#1608;&#1607;&#1575;&#1606;.</subfield></datafield><datafield ind1="1" ind2="2" tag="880"><subfield code="6">245-02</subfield><subfield code="a">&#1575;&#1604;&#1593;&#1585;&#1576;&#1610;&#1577; :</subfield><subfield code="b">&#1583;&#1585;&#1575;&#1587;&#1575;&#1578; &#1601;&#1609; &#1575;&#1604;&#1604;&#1594;&#1577; &#1608;&#1575;&#1604;&#1604;&#1607;&#1580;&#1575;&#1578; &#1608;&#1575;&#1604;&#1571;&#1587;&#1575;&#1604;&#1610;&#1576; /</subfield><subfield code="c">&#1605;&#1606; &#1593;&#1605;&#1604; &#1610;&#1608;&#1607;&#1575;&#1606; &#1601;&#1603; &#1563; &#1606;&#1602;&#1604;&#1607; &#1573;&#1604;&#1609; &#1575;&#1604;&#1593;&#1585;&#1576;&#1610;&#1577; &#1608;&#1581;&#1602;&#1602;&#1607; &#1608;&#1601;&#1607;&#1585;&#1587; &#1604;&#1607; &#1593;&#1576;&#1583; &#1575;&#1604;&#1581;&#1604;&#1610;&#1605; &#1575;&#1604;&#1606;&#1580;&#1575;&#1585; &#1563; &#1576;&#1578;&#1589;&#1583;&#1610;&#1585; &#1571;&#1581;&#1605;&#1583; &#1571;&#1605;&#1610;&#1606; &#1576;&#1603; &#1563; &#1608;&#1578;&#1602;&#1583;&#1610;&#1605; &#1605;&#1581;&#1605;&#1583; &#1610;&#1608;&#1587;&#1601; &#1605;&#1608;&#1587;&#1609;.</subfield></datafield><datafield ind1=" " ind2=" " tag="880"><subfield code="6">260-03</subfield><subfield code="a">&#1575;&#1604;&#1602;&#1575;&#1607;&#1585;&#1577; :</subfield><subfield code="b">&#1605;&#1603;&#1578;&#1576;&#1577; &#1575;&#1604;&#1582;&#1575;&#1606;&#1580;&#1609; &#1576;&#1605;&#1589;&#1585;&#1548;</subfield><subfield code="c">1951.</subfield></datafield><datafield ind1="1" ind2=" " tag="880"><subfield code="6">700-04</subfield><subfield code="a">&#1606;&#1580;&#1575;&#1585;&#1548; &#1593;&#1576;&#1583; &#1575;&#1604;&#1581;&#1604;&#1610;&#1605;.</subfield></datafield><datafield ind1=" " ind2=" " tag="959"><subfield code="a">NNU</subfield><subfield code="b">WEB</subfield><subfield code="c">GENI</subfield><subfield code="t">0</subfield><subfield code="m">Electronic access</subfield><subfield code="s">01</subfield></datafield><datafield ind1=" " ind2=" " tag="999"><subfield code="i">NIC_5666861</subfield><subfield code="o">(OCoLC)ocm60506111 </subfield></datafield></record>